<?xml version="1.0" encoding="UTF-8"?><collection xmlns="http://www.loc.gov/MARC21/slim"><record><leader>00541nam--2200169-i-4500</leader><controlfield tag="001">000047685</controlfield><controlfield tag="002">20161230</controlfield><controlfield tag="005">20161230201046</controlfield><controlfield tag="008">060222s1000------------r-----000-0-eng-d</controlfield><datafield ind1=" " ind2=" " tag="040"><subfield code="a">IFIN-HH</subfield></datafield><datafield ind1=" " ind2=" " tag="080"><subfield code="a">537.312.62(043)</subfield></datafield><datafield ind1="1" ind2=" " tag="100"><subfield code="a">Wilson, John Gilbert</subfield></datafield><datafield ind1="1" ind2="0" tag="245"><subfield code="a">Microscopic quantum effects in superconducting rings containing two josephson junctions</subfield><subfield code="b">Dissertation</subfield><subfield code="c">John gilbert wilson</subfield></datafield><datafield ind1=" " ind2=" " tag="260"><subfield code="a">Ann Arbor, Michigan</subfield><subfield code="b">University Microfilms Co</subfield><subfield code="c">1973</subfield></datafield><datafield ind1=" " ind2=" " tag="300"><subfield code="a">XIV+141P</subfield></datafield><datafield ind1=" " ind2=" " tag="852"><subfield code="a">42254</subfield><subfield code="c">539.2</subfield></datafield><datafield ind1=" " ind2=" " tag="CAT"><subfield code="a">Sys</subfield><subfield code="c">20121024</subfield><subfield code="h">132313</subfield></datafield></record></collection>